@misc{udpDef,
	author = "Eric He, Jason Leigh, Oliver Yu and Thomas A. DeFanti",
	title = {Reliable Blast UDP},
	year = 2002,
	howpublished =
	{https://www.evl.uic.edu/cavern/RBUDP/Reliable%20Blast%20UDP.html},
}
@misc{tcpDef,
	author = "Margaret Rouse",
	title = {TCP/IP (Transmission Control Protocol/Internet Protocol)},
	year = 2008,
	howpublished =
	{http://searchnetworking.techtarget.com/definition/TCP-IP},
}
@misc{map,
	author = "Ramanjeet Kaur",
	title = {OSI \& TCP/IP},
	year = 2009,
	howpublished =
	{https://advancedinternettechnologies.wordpress.com/osi-tcpip/},
}